@misc{ibmWhatSoftwareDefined,
	% author = {},
	title = {{W}hat {I}s {S}oftware-{D}efined {N}etworking ({S}{D}{N})? | {I}{B}{M} --- ibm.com},
	howpublished = {\url{https://www.ibm.com/think/topics/sdn}},
  year = {2022},
  month = {10},
  day = {20},
}

@article{Cox_2001,
  title   = {THE JOINT TACTICAL RADIO SYSTEM (JTRS)},
  volume  = {March-April 2001},
  url     = {https://asc.army.mil/docs/pubs/alt/2001/2_MarApr/articles/05_Joint_Tactical_Radio_System_JTRS_200102.pdf},
  number  = {5},
  journal = {Army AL\&T},
  author  = {Cox, Michael C.},
  year    = {2001},
  pages   = {5-7}
}

@inproceedings{murphy2022harder,
    author = {Murphy, VII, Tom},
    title = {Harder Drive: Hard drives we didn't want or need},
    publisher = {ACH},
    booktitle = {A record of the proceedings of {SIGBOVIK} 2022},
    location = "Pittsburgh, {USA}",
    note = {\url{tom7.org/harder}},
    month = "April",
    day = 8,
    year = "2022",
    pages = {259--277},
}